<collection xmlns="http://www.loc.gov/MARC21/slim">
<record>
  <leader>01163nam0a2200253 i 450 </leader>
  <controlfield tag="001">IT\ICCU\CNCE\069201</controlfield>
  <controlfield tag="005">20171204000000.0</controlfield>
  <datafield tag="012" ind1=" " ind2=" ">
    <subfield code="a">aesi c-r- hei- g.a. (C) 1574 (R)</subfield>
    <subfield code="2">fei</subfield>
  </datafield>
  <datafield tag="100" ind1=" " ind2=" ">
    <subfield code="a">20061219d1574        0itac0103    ba</subfield>
  </datafield>
  <datafield tag="101" ind1=" " ind2=" ">
    <subfield code="a">ITA</subfield>
  </datafield>
  <datafield tag="102" ind1=" " ind2=" ">
    <subfield code="a">IT</subfield>
  </datafield>
  <datafield tag="200" ind1="1" ind2=" ">
    <subfield code="a">Prouisione concernente la iurisditione, &amp; obligho delli vfitiali de&apos; fiumi, &amp; loro ministri, passata nel amplissimo senato de 48 della rep. fiorentina, il di 9 di luglio 1574</subfield>
  </datafield>
  <datafield tag="210" ind1=" " ind2=" ">
    <subfield code="a">In Fiorenza</subfield>
    <subfield code="c">nella stamperia ducale appresso Giorgio Marescotti</subfield>
    <subfield code="d">1574</subfield>
  </datafield>
  <datafield tag="215" ind1=" " ind2=" ">
    <subfield code="a">\4! c.</subfield>
    <subfield code="d">4ʻ</subfield>
  </datafield>
  <datafield tag="620" ind1=" " ind2=" ">
    <subfield code="a">IT</subfield>
    <subfield code="d">Firenze</subfield>
  </datafield>
  <datafield tag="710" ind1="0" ind2="2">
    <subfield code="a">Toscana</subfield>
    <subfield code="c"> &lt;Granducato&gt;</subfield>
    <subfield code="3">8042</subfield>
  </datafield>
  <datafield tag="712" ind1="0" ind2="0">
    <subfield code="a">Marescotti, Giorgio</subfield>
    <subfield code="3">IT\ICCU\CNCT\000049</subfield>
    <subfield code="4">650</subfield>
  </datafield>
  <datafield tag="791" ind1="0" ind2="0">
    <subfield code="a">Mariscotti, Giorgio</subfield>
    <subfield code="3">IT\ICCU\CNCT\005030</subfield>
    <subfield code="z">Marescotti, Giorgio</subfield>
  </datafield>
  <datafield tag="791" ind1="0" ind2="0">
    <subfield code="a">Marescottus, Georgius</subfield>
    <subfield code="3">IT\ICCU\CNCT\005031</subfield>
    <subfield code="z">Marescotti, Giorgio</subfield>
  </datafield>
  <datafield tag="791" ind1="0" ind2="0">
    <subfield code="a">Marescotus, Georgius</subfield>
    <subfield code="3">IT\ICCU\CNCT\005032</subfield>
    <subfield code="z">Marescotti, Giorgio</subfield>
  </datafield>
  <datafield tag="801" ind1=" " ind2="3">
    <subfield code="a">IT</subfield>
    <subfield code="b">ICCU</subfield>
    <subfield code="c">20201115</subfield>
  </datafield>
  <datafield tag="899" ind1=" " ind2=" ">
    <subfield code="a">Biblioteca nazionale centrale. Firenze</subfield>
    <subfield code="1">FI0098</subfield>
    <subfield code="2">CFI CF</subfield>
  </datafield>
  <datafield tag="911" ind1=" " ind2=" ">
    <subfield code="a">Sul front.</subfield>
    <subfield code="9">IT\ICCU\CNCM\002436</subfield>
  </datafield>
  <datafield tag="921" ind1=" " ind2=" ">
    <subfield code="a">IT\ICCU\CNCM\002436</subfield>
    <subfield code="b">Stemma dei Medici.</subfield>
    <subfield code="c">U965</subfield>
    <subfield code="f">STEMMA</subfield>
    <subfield code="g">[non prima del 1569]-[1578?]</subfield>
  </datafield>
</record>
</collection>
